@book{bertsekas2016nonlinear,
  title={Nonlinear programming},
  author={Bertsekas, Dimitri P},
  year={2016},
  publisher={Athena Scientific}
}

@article{powell2012ai,
  title={{AI}, {OR} and control theory: A rosetta stone for stochastic optimization},
  author={Powell, Warren B},
  year={2012}
}

@book{boyd2004convex,
  title={Convex optimization},
  author={Boyd, Stephen and Vandenberghe, Lieven},
  year={2004},
  publisher={Cambridge university press}
}